@article{knuth84,
  author = {Knuth, Donald E.},
  title = {Literate Programming},
  year = {1984},
  issue_date = {May 1984},
  publisher = {Oxford University Press, Inc.},
  address = {USA},
  volume = {27},
  number = {2},
  issn = {0010-4620},
  url = {https://doi.org/10.1093/comjnl/27.2.97},
  doi = {10.1093/comjnl/27.2.97},
  journal = {Comput. J.},
  month = may,
  pages = {97â€“111},
  numpages = {15}
}



@book{einsele2000,
	title = {Sedimentary Basins},
	author = {Einsele, Gerhard},
	year = {2000},
	date = {2000},
	publisher = {Springer Berlin Heidelberg},
	doi = {10.1007/978-3-662-04029-4},
	url = {http://dx.doi.org/10.1007/978-3-662-04029-4}
}

@article{basinan2005,
	title = {Basin analysis: principles and applications},
	year = {2005},
	month = {10},
	date = {2005-10-01},
	journal = {Choice Reviews Online},
	volume = {43},
	number = {02},
	doi = {10.5860/choice.43-0957},
	url = {http://dx.doi.org/10.5860/choice.43-0957},
	langid = {en}
}

@article{mcintyre2006,
	title = {Basin Analysis: Principles and Applications.: PHILIP A. ALLEN AND JOHN R. ALLEN. Second Edition. 2005. Pp. 549. Blackwell Publishing. ISBN 0-632-05207-4. Price US{\$}92.95.},
	author = {McIntyre, A.},
	year = {2006},
	month = {09},
	date = {2006-09-01},
	journal = {Economic Geology},
	pages = {1314--1315},
	volume = {101},
	number = {6},
	doi = {10.2113/gsecongeo.101.6.1314},
	url = {http://dx.doi.org/10.2113/gsecongeo.101.6.1314},
	langid = {en}
}

@article{mcintyre2006a,
	title = {Basin Analysis: Principles and Applications.: PHILIP A. ALLEN AND JOHN R. ALLEN. Second Edition. 2005. Pp. 549. Blackwell Publishing. ISBN 0-632-05207-4. Price US{\$}92.95.},
	author = {McIntyre, A.},
	year = {2006},
	month = {09},
	date = {2006-09-01},
	journal = {Economic Geology},
	pages = {1314--1315},
	volume = {101},
	number = {6},
	doi = {10.2113/gsecongeo.101.6.1314},
	url = {http://dx.doi.org/10.2113/gsecongeo.101.6.1314},
	langid = {en}
}


@book{buchanan1994,
	title = {Extensional Teconics and Basin Inversion},
	author = {Buchanan},
	year = {1994},
	date = {1994},
}

